@article{speech-to-speech,
  author = {Dureja, Mahak and Gautam, Sumanlata},
  year = {2015},
  month = {11},
  pages = {28-30},
  title = {Speech-to-Speech Translation: A Review},
  volume = {129},
  journal = {International Journal of Computer Applications},
  doi = {10.5120/ijca2015907079}
}

@inproceedings{berard2018end,
  title={End-to-end automatic speech translation of audiobooks},
  author={B{\'e}rard, Alexandre and Besacier, Laurent and Kocabiyikoglu, Ali Can and Pietquin, Olivier},
  booktitle={2018 IEEE International Conference on Acoustics, Speech and Signal Processing (ICASSP)},
  pages={6224--6228},
  year={2018},
  organization={IEEE}
}

@article{vila2018end,
  title={End-to-End Speech Translation with the Transformer},
  author={Vila, Laura-Cross and Escolano, Carlos and Fonollosa, Jos{\'e} AR and Costa-Juss{\`a}, Marta-R},
  journal={Proc. IberSPEECH 2018},
  pages={60--63},
  year={2018}
}

@inproceedings{serdyuk2018towards,
  title={Towards end-to-end spoken language understanding},
  author={Serdyuk, Dmitriy and Wang, Yongqiang and Fuegen, Christian and Kumar, Anuj and Liu, Baiyang and Bengio, Yoshua},
  booktitle={2018 IEEE International Conference on Acoustics, Speech and Signal Processing (ICASSP)},
  pages={5754--5758},
  year={2018},
  organization={IEEE}
}

@inproceedings{kalchbrenner2013recurrent,
  title={Recurrent continuous translation models},
  author={Kalchbrenner, Nal and Blunsom, Phil},
  booktitle={Proceedings of the 2013 Conference on Empirical Methods in Natural Language Processing},
  pages={1700--1709},
  year={2013}
}

@inproceedings{sutskever2014sequence,
  title={Sequence to sequence learning with neural networks},
  author={Sutskever, Ilya and Vinyals, Oriol and Le, Quoc V},
  booktitle={Advances in neural information processing systems},
  pages={3104--3112},
  year={2014}
}

@article{cho2014learning,
  title={Learning phrase representations using RNN encoder-decoder for statistical machine translation},
  author={Cho, Kyunghyun and Van Merri{\"e}nboer, Bart and Gulcehre, Caglar and Bahdanau, Dzmitry and Bougares, Fethi and Schwenk, Holger and Bengio, Yoshua},
  journal={arXiv preprint arXiv:1406.1078},
  year={2014}
}

@article{cho2014properties,
  title={On the properties of neural machine translation: Encoder-decoder approaches},
  author={Cho, Kyunghyun and Van Merri{\"e}nboer, Bart and Bahdanau, Dzmitry and Bengio, Yoshua},
  journal={arXiv preprint arXiv:1409.1259},
  year={2014}
}

@article{wu2016google,
  title={Google's neural machine translation system: Bridging the gap between human and machine translation},
  author={Wu, Yonghui and Schuster, Mike and Chen, Zhifeng and Le, Quoc V and Norouzi, Mohammad and Macherey, Wolfgang and Krikun, Maxim and Cao, Yuan and Gao, Qin and Macherey, Klaus and others},
  journal={arXiv preprint arXiv:1609.08144},
  year={2016}
}

@article{bahdanau2014neural,
  title={Neural machine translation by jointly learning to align and translate},
  author={Bahdanau, Dzmitry and Cho, Kyunghyun and Bengio, Yoshua},
  journal={arXiv preprint arXiv:1409.0473},
  year={2014}
}

@article{luong2015effective,
  title={Effective approaches to attention-based neural machine translation},
  author={Luong, Minh-Thang and Pham, Hieu and Manning, Christopher D},
  journal={arXiv preprint arXiv:1508.04025},
  year={2015}
}

@inproceedings{vaswani2017attention,
  title={Attention is all you need},
  author={Vaswani, Ashish and Shazeer, Noam and Parmar, Niki and Uszkoreit, Jakob and Jones, Llion and Gomez, Aidan N and Kaiser, {\L}ukasz and Polosukhin, Illia},
  booktitle={Advances in Neural Information Processing Systems},
  pages={5998--6008},
  year={2017}
}

@article{freitag2017beam,
  title={Beam search strategies for neural machine translation},
  author={Freitag, Markus and Al-Onaizan, Yaser},
  journal={arXiv preprint arXiv:1702.01806},
  year={2017}
}

@article{williams1989learning,
  title={A learning algorithm for continually running fully recurrent neural networks},
  author={Williams, Ronald J and Zipser, David},
  journal={Neural computation},
  volume={1},
  number={2},
  pages={270--280},
  year={1989},
  publisher={MIT Press}
}

@article{sennrich2015neural,
  title={Neural machine translation of rare words with subword units},
  author={Sennrich, Rico and Haddow, Barry and Birch, Alexandra},
  journal={arXiv preprint arXiv:1508.07909},
  year={2015}
}

@article{kudo2018subword,
  title={Subword regularization: Improving neural network translation models with multiple subword candidates},
  author={Kudo, Taku},
  journal={arXiv preprint arXiv:1804.10959},
  year={2018}
}

@article{kalchbrenner2016neural,
  title={Neural machine translation in linear time},
  author={Kalchbrenner, Nal and Espeholt, Lasse and Simonyan, Karen and Oord, Aaron van den and Graves, Alex and Kavukcuoglu, Koray},
  journal={arXiv preprint arXiv:1610.10099},
  year={2016}
}

@article{su2017learning,
  title={Learning chinese word representations from glyphs of characters},
  author={Su, Tzu-Ray and Lee, Hung-Yi},
  journal={arXiv preprint arXiv:1708.04755},
  year={2017}
}

@inproceedings{koehn2005europarl,
  title={Europarl: A parallel corpus for statistical machine translation},
  author={Koehn, Philipp},
  booktitle={MT summit},
  volume={5},
  pages={79--86},
  year={2005}
}

@inproceedings{he2016deep,
  title={Deep residual learning for image recognition},
  author={He, Kaiming and Zhang, Xiangyu and Ren, Shaoqing and Sun, Jian},
  booktitle={Proceedings of the IEEE conference on computer vision and pattern recognition},
  pages={770--778},
  year={2016}
}

@article{ba2016layer,
  title={Layer normalization},
  author={Ba, Jimmy Lei and Kiros, Jamie Ryan and Hinton, Geoffrey E},
  journal={arXiv preprint arXiv:1607.06450},
  year={2016}
}

@article{kingma2014adam,
  title={Adam: A method for stochastic optimization},
  author={Kingma, Diederik P and Ba, Jimmy},
  journal={arXiv preprint arXiv:1412.6980},
  year={2014}
}

@article{srivastava2014dropout,
  title={Dropout: a simple way to prevent neural networks from overfitting},
  author={Srivastava, Nitish and Hinton, Geoffrey and Krizhevsky, Alex and Sutskever, Ilya and Salakhutdinov, Ruslan},
  journal={The Journal of Machine Learning Research},
  volume={15},
  number={1},
  pages={1929--1958},
  year={2014},
  publisher={JMLR. org}
}

@article{post2018call,
  title={A call for clarity in reporting bleu scores},
  author={Post, Matt},
  journal={arXiv preprint arXiv:1804.08771},
  year={2018}
}

@inproceedings{ziemski2016united,
  title={The United Nations Parallel Corpus},
  author={Ziemski, Michael and Junczys-Dowmunt, Marcin and Pouliquen, Bruno},
  booktitle={Language Resources and Evaluation. In Proceedings of the Tenth International Conference on Language Resources and Evaluation (LREC'16), Portoro{\v{z}}, Slovenia},
  year={2016}
}

@article{lee2018deterministic,
  title={Deterministic non-autoregressive neural sequence modeling by iterative refinement},
  author={Lee, Jason and Mansimov, Elman and Cho, Kyunghyun},
  journal={arXiv preprint arXiv:1802.06901},
  year={2018}
}

@article{gu2017non,
  title={Non-autoregressive neural machine translation},
  author={Gu, Jiatao and Bradbury, James and Xiong, Caiming and Li, Victor OK and Socher, Richard},
  journal={arXiv preprint arXiv:1711.02281},
  year={2017}
}

@article{libovicky2018end,
  title={End-to-end non-autoregressive neural machine translation with connectionist temporal classification},
  author={Libovick{\'y}, Jind{\v{r}}ich and Helcl, Jind{\v{r}}ich},
  journal={arXiv preprint arXiv:1811.04719},
  year={2018}
}

@inproceedings{graves2006connectionist,
  title={Connectionist temporal classification: labelling unsegmented sequence data with recurrent neural networks},
  author={Graves, Alex and Fern{\'a}ndez, Santiago and Gomez, Faustino and Schmidhuber, J{\"u}rgen},
  booktitle={Proceedings of the 23rd international conference on Machine learning},
  pages={369--376},
  year={2006},
  organization={ACM}
}

@article{kaiser2018fast,
  title={Fast decoding in sequence models using discrete latent variables},
  author={Kaiser, {\L}ukasz and Roy, Aurko and Vaswani, Ashish and Pamar, Niki and Bengio, Samy and Uszkoreit, Jakob and Shazeer, Noam},
  journal={arXiv preprint arXiv:1803.03382},
  year={2018}
}

@article{oord2017parallel,
  title={Parallel wavenet: Fast high-fidelity speech synthesis},
  author={Oord, Aaron van den and Li, Yazhe and Babuschkin, Igor and Simonyan, Karen and Vinyals, Oriol and Kavukcuoglu, Koray and Driessche, George van den and Lockhart, Edward and Cobo, Luis C and Stimberg, Florian and others},
  journal={arXiv preprint arXiv:1711.10433},
  year={2017}
}
